@article{einstein,
    author = "Albert Einstein",
    title = "{Zur Elektrodynamik bewegter K{\"o}rper}. ({German})
    [{On} the electrodynamics of moving bodies]",
    journal = "Annalen der Physik",
    volume = "322",
    number = "10",
    pages = "891--921",
    year = "1905",
    DOI = "http://dx.doi.org/10.1002/andp.19053221004",
    keywords = "physics"
}

@book{dirac,
    title = {The Principles of Quantum Mechanics},
    author = {Paul Adrien Maurice Dirac},
    isbn = {9780198520115},
    series = {International series of monographs on physics},
    year = {1981},
    publisher = {Clarendon Press},
    keywords = {physics}
}

@online{graficas,
    author = "tarjetasgraficaspc.com",
    title = "Latencia y velocidad de la memoria RAM",
    url  = "https://tarjetasgraficaspc.com/memorias-ram/latencia-velocidad-memoria-ram/",
    addendum = "(accessed: 2020)",
    keywords = ""
}

@online{profesionalrivew,
    author = "Andrea Ardións",
    title = "Diferencia entre memoria ram y rom",
    url  = "https://www.profesionalreview.com/2017/01/18/memoria-ram-rom-diferencias/",
    addendum = "(accessed: 18/01/2017)",
    keywords = ""
}

@online{cache,
    author = "wikipedia",
    title = "Caché (informática)",
    url  = "https://es.wikipedia.org/wiki/Caché",
    addendum = "(accessed: 28/07/2020)",
    keywords = ""
}

@online{admin_memoria,
    author = "wikipedia",
    title = "Gestión de memoria",
    url  = "https://es.wikipedia.org/wiki/Gestión_de_memoria",
    addendum = "(accessed: 25/06/2020)",
    keywords = ""
}

@online{vram_wiki,
    author = "wikipedia",
    title = "Memoria gráfica de acceso aleatorio",
    url  = "https://es.wikipedia.org/wiki/Memoria_gráfica_de_acceso_aleatorio ",
    addendum = "(accessed: 7/04/2020)",
    keywords = ""
}
@online{tiposdememoria,
    author = "Guillermo Venturini",
    title = "Tipos de memorias de una computadora",
    url  = "https://www.tecnologia-informatica.com/tipos-memorias-computadora/",
    addendum = "(accessed: 17/07/2020)",
    keywords = ""
}

@online{vram,
    author = "Juan Diego de Usera",
    title = "Qué es la VRAM de una tarjeta gráfica y para qué sirve",
    url  = "https://hardzone.es/reportajes/que-es/vram-tarjeta-grafica/",
    addendum = "(accessed: 08/11/2020)",
    keywords = ""
}

@inbook{Referencia,
    author = "augusto salazar",
    title = "Taller - Nociones de la memoria del computador",
    publisher = "",
    year = "2020",
    chapter = "",
    keywords  = ""
}